<record><leader>00000cas a22000007a 4500</leader><controlfield tag="001">11056391</controlfield><controlfield tag="008">840815d19261950moumr ne      0   b0ita d</controlfield><datafield ind1=" " ind2=" " tag="010"><subfield code="a">sn 93060062 </subfield></datafield><datafield ind1=" " ind2=" " tag="040"><subfield code="a">NMF</subfield><subfield code="b">eng</subfield><subfield code="c">NMF</subfield><subfield code="d">WIH</subfield><subfield code="d">MQN</subfield><subfield code="d">OCLCQ</subfield><subfield code="d">OCLCG</subfield><subfield code="d">OCLCQ</subfield><subfield code="d">OCLCF</subfield><subfield code="d">OCLCO</subfield></datafield><datafield ind1="0" ind2=" " tag="130"><subfield code="a">Messaggero (Kansas City, Mo.)</subfield></datafield><datafield ind1="1" ind2="3" tag="245"><subfield code="a">Il Messaggero =</subfield><subfield code="b">The Messenger.</subfield></datafield><datafield ind1="3" ind2="1" tag="246"><subfield code="a">Messenger</subfield></datafield><datafield ind1=" " ind2=" " tag="260"><subfield code="a">Kansas City, Mo. :</subfield><subfield code="b">J.B. Bisceglia,</subfield><subfield code="c">1926-1950.</subfield></datafield><datafield ind1=" " ind2=" " tag="300"><subfield code="a">v.</subfield></datafield><datafield ind1=" " ind2=" " tag="310"><subfield code="a">Monthly,</subfield><subfield code="b">1936-</subfield></datafield><datafield ind1=" " ind2=" " tag="321"><subfield code="a">Semimonthly,</subfield><subfield code="b">1926-1935</subfield></datafield><datafield ind1="0" ind2=" " tag="362"><subfield code="a">Anno 3, no. 5 (maggio 1, 1926)-v. 24 [i.e. 27], no. 5 (May 1950).</subfield></datafield><datafield ind1=" " ind2=" " tag="500"><subfield code="a">In Italian and English.</subfield></datafield><datafield ind1=" " ind2=" " tag="500"><subfield code="a">Editor: J.B. Bisceglia.</subfield></datafield><datafield ind1=" " ind2=" " tag="515"><subfield code="a">Irregularity in numbering, Oct. 1939- : vol. 16, no. 10- issued as v. 14, no. 10-</subfield></datafield><datafield ind1=" " ind2=" " tag="530"><subfield code="a">Available on microfilm from the Immigration History Research Center.</subfield></datafield><datafield ind1=" " ind2="0" tag="650"><subfield code="a">Italian Americans</subfield><subfield code="v">Newspapers.</subfield></datafield><datafield ind1=" " ind2="7" tag="655"><subfield code="a">Newspapers.</subfield><subfield code="2">fast</subfield><subfield code="0">(OCoLC)fst01423814</subfield></datafield><datafield ind1=" " ind2="7" tag="650"><subfield code="a">Italian Americans.</subfield><subfield code="2">fast</subfield><subfield code="0">(OCoLC)fst00980419</subfield></datafield><datafield ind1="1" ind2=" " tag="700"><subfield code="a">Bisceglia, J. B.</subfield><subfield code="q">(John B.)</subfield></datafield><datafield ind1="0" ind2="0" tag="780"><subfield code="t">Piccolo messaggero</subfield><subfield code="w">(OCoLC)11056389</subfield></datafield><datafield ind1="0" ind2="0" tag="785"><subfield code="t">Messenger (Kansas City, Mo. : 1950)</subfield><subfield code="w">(OCoLC)23437617</subfield></datafield></record>